<record><leader>00000cas a2200000 a 4500</leader><controlfield tag="001">41277447</controlfield><controlfield tag="008">990429d19982001azuwr ne      0    0eng d</controlfield><datafield ind1=" " ind2=" " tag="010"><subfield code="a">sn 96060651 </subfield></datafield><datafield ind1=" " ind2=" " tag="040"><subfield code="a">ANN</subfield><subfield code="b">eng</subfield><subfield code="c">ANN</subfield><subfield code="d">OCLCO</subfield></datafield><datafield ind1="1" ind2=" " tag="029"><subfield code="a">AU@</subfield><subfield code="b">000020125351</subfield></datafield><datafield ind1=" " ind2=" " tag="042"><subfield code="a">msc</subfield></datafield><datafield ind1=" " ind2=" " tag="043"><subfield code="a">n-us-az</subfield></datafield><datafield ind1="0" ind2="4" tag="245"><subfield code="a">The desert's gem.</subfield></datafield><datafield ind1="0" ind2=" " tag="246"><subfield code="i">Issues for Vol. 13, no. 12-  called:</subfield><subfield code="a">Desert gem</subfield><subfield code="f">Mar. 30,1999-</subfield></datafield><datafield ind1="0" ind2="0" tag="246"><subfield code="a">Quartzsite gem</subfield></datafield><datafield ind1=" " ind2=" " tag="260"><subfield code="a">Quartzsite, Ariz. :</subfield><subfield code="b">[s.n.],</subfield></datafield><datafield ind1=" " ind2=" " tag="300"><subfield code="a">v. :</subfield><subfield code="b">ill.</subfield></datafield><datafield ind1=" " ind2=" " tag="310"><subfield code="a">Weekly (Winter only)</subfield></datafield><datafield ind1=" " ind2=" " tag="321"><subfield code="a">Weekly,</subfield><subfield code="b">Oct. 1998-Mar. 2000</subfield></datafield><datafield ind1="0" ind2=" " tag="362"><subfield code="a">Vol. 10, no. 22 (Oct. 6, 1998)-v. 2, no. 17 (May 29, 2001).</subfield></datafield><datafield ind1=" " ind2=" " tag="515"><subfield code="a">New numbering begins with vol. 2, issue 1 (Sept. 13, 2000).</subfield></datafield><datafield ind1=" " ind2="0" tag="650"><subfield code="a">Quartzsite (Ariz.)</subfield><subfield code="v">Newspapers.</subfield></datafield><datafield ind1=" " ind2="0" tag="651"><subfield code="a">La Paz County (Ariz.)</subfield><subfield code="v">Newspapers.</subfield></datafield><datafield ind1="0" ind2="0" tag="780"><subfield code="t">Gem (Quartzsite, Ariz.)</subfield><subfield code="w">(DLC)sn 95060928</subfield><subfield code="w">(OCoLC)33954471</subfield></datafield></record>